<marc:record xmlns:marc="http://www.loc.gov/MARC21/slim" xmlns:xsi="http://www.w3.org/2001/XMLSchema-instance" xsi:schemaLocation="http://www.loc.gov/MARC21/slim http://www.loc.gov/standards/marcxml/schema/MARC21slim.xsd">
  <marc:leader>     cam a2200241 a 45M</marc:leader>
  <marc:controlfield tag="001">002777319</marc:controlfield>
  <marc:controlfield tag="003">NNU</marc:controlfield>
  <marc:controlfield tag="005">19940713181853.0</marc:controlfield>
  <marc:controlfield tag="008">860806s1928    ua            000 1 ara d</marc:controlfield>
  <marc:datafield tag="035" ind1="9" ind2=" ">
    <marc:subfield code="a">NYUb10480343</marc:subfield>
  </marc:datafield>
  <marc:datafield tag="035" ind1=" " ind2=" ">
    <marc:subfield code="a">(CStRLIN)NYUG86-B27444</marc:subfield>
  </marc:datafield>
  <marc:datafield tag="035" ind1=" " ind2=" ">
    <marc:subfield code="a">GLIS004803434</marc:subfield>
  </marc:datafield>
  <marc:datafield tag="040" ind1=" " ind2=" ">
    <marc:subfield code="a">NNU</marc:subfield>
    <marc:subfield code="c">NNU</marc:subfield>
  </marc:datafield>
  <marc:datafield tag="041" ind1="1" ind2=" ">
    <marc:subfield code="a">ara</marc:subfield>
    <marc:subfield code="h">ger</marc:subfield>
  </marc:datafield>
  <marc:datafield tag="090" ind1=" " ind2=" ">
    <marc:subfield code="i">03/29/89 T</marc:subfield>
    <marc:subfield code="h">08/27/86 CT</marc:subfield>
  </marc:datafield>
  <marc:datafield tag="100" ind1="1" ind2=" ">
    <marc:subfield code="a">Ebers, Georg,</marc:subfield>
    <marc:subfield code="d">1837-1898.</marc:subfield>
  </marc:datafield>
  <marc:datafield tag="240" ind1="0" ind2="0">
    <marc:subfield code="a">Uarda.</marc:subfield>
    <marc:subfield code="l">Arabic</marc:subfield>
  </marc:datafield>
  <marc:datafield tag="245" ind1="1" ind2="0">
    <marc:subfield code="a">Wardah :</marc:subfield>
    <marc:subfield code="b">riwāyat Miṣr al-khālidah /</marc:subfield>
    <marc:subfield code="c">Jūrj Ībirs ; wa-naqalahā ilá al-ʻArabīyah bi-tarjama jadīdah Muḥammad Masʻūd</marc:subfield>
  </marc:datafield>
  <marc:datafield tag="260" ind1=" " ind2=" ">
    <marc:subfield code="a">al-Qāhirah :</marc:subfield>
    <marc:subfield code="b">[s.n.],</marc:subfield>
    <marc:subfield code="c">1928.</marc:subfield>
  </marc:datafield>
  <marc:datafield tag="300" ind1=" " ind2=" ">
    <marc:subfield code="a">2 v. ;</marc:subfield>
    <marc:subfield code="c">25 cm.</marc:subfield>
  </marc:datafield>
  <marc:datafield tag="950" ind1=" " ind2=" ">
    <marc:subfield code="l">BMAIN</marc:subfield>
    <marc:subfield code="a">PT1852.E5</marc:subfield>
    <marc:subfield code="b">U212 1928</marc:subfield>
    <marc:subfield code="h">08/27/86 C</marc:subfield>
  </marc:datafield>
  <marc:datafield tag="955" ind1=" " ind2=" ">
    <marc:subfield code="l">BMAIN</marc:subfield>
    <marc:subfield code="c">1:v.2</marc:subfield>
    <marc:subfield code="r">011996124</marc:subfield>
    <marc:subfield code="i">03/29/89 C</marc:subfield>
  </marc:datafield>
  <marc:datafield tag="955" ind1=" " ind2=" ">
    <marc:subfield code="l">BMAIN</marc:subfield>
    <marc:subfield code="c">1:v.1</marc:subfield>
    <marc:subfield code="r">011996066</marc:subfield>
    <marc:subfield code="h">08/27/86 C</marc:subfield>
  </marc:datafield>
  <marc:datafield tag="998" ind1=" " ind2=" ">
    <marc:subfield code="a">03/29/89</marc:subfield>
    <marc:subfield code="t">c</marc:subfield>
    <marc:subfield code="s">9114</marc:subfield>
    <marc:subfield code="n">NNU</marc:subfield>
    <marc:subfield code="w">NYUG86B27444</marc:subfield>
    <marc:subfield code="d">08/06/86</marc:subfield>
    <marc:subfield code="c">MG</marc:subfield>
    <marc:subfield code="b">XXX</marc:subfield>
    <marc:subfield code="i">890329</marc:subfield>
    <marc:subfield code="h">860827</marc:subfield>
    <marc:subfield code="l">NYUG</marc:subfield>
  </marc:datafield>
</marc:record>
